<record><leader>00000cas a2200000 a 4500</leader><controlfield tag="001">37310204</controlfield><controlfield tag="008">970717d19281929orudn ne      0    0eng c</controlfield><datafield ind1=" " ind2=" " tag="010"><subfield code="a">sn 96088188 </subfield></datafield><datafield ind1=" " ind2=" " tag="040"><subfield code="a">OCN</subfield><subfield code="b">eng</subfield><subfield code="c">OCN</subfield><subfield code="d">OCLCQ</subfield><subfield code="d">OCLCF</subfield><subfield code="d">OCLCO</subfield></datafield><datafield ind1="1" ind2=" " tag="029"><subfield code="a">AU@</subfield><subfield code="b">000013408222</subfield></datafield><datafield ind1=" " ind2=" " tag="042"><subfield code="a">pcc</subfield></datafield><datafield ind1=" " ind2=" " tag="043"><subfield code="a">n-us-or</subfield></datafield><datafield ind1="0" ind2="0" tag="245"><subfield code="a">Evening Baker herald.</subfield></datafield><datafield ind1=" " ind2=" " tag="260"><subfield code="a">Baker, Or. :</subfield><subfield code="b">Baker Herald Co.,</subfield><subfield code="c">1928-1929.</subfield></datafield><datafield ind1=" " ind2=" " tag="300"><subfield code="a">v.</subfield></datafield><datafield ind1=" " ind2=" " tag="310"><subfield code="a">Daily (except Sun.)</subfield></datafield><datafield ind1="0" ind2=" " tag="362"><subfield code="a">Vol. 27, no. 305 (Apr. 9, 1928)-v. 28, no. 245 (Jan. 31, 1929).</subfield></datafield><datafield ind1=" " ind2=" " tag="580"><subfield code="a">Merged with: Morning democrat (Baker City, Or.), to form: Baker democrat-herald.</subfield></datafield><datafield ind1=" " ind2="0" tag="651"><subfield code="a">Baker City (Or.)</subfield><subfield code="v">Newspapers.</subfield></datafield><datafield ind1=" " ind2="0" tag="651"><subfield code="a">Baker County (Or.)</subfield><subfield code="v">Newspapers.</subfield></datafield><datafield ind1=" " ind2="7" tag="655"><subfield code="a">Newspapers.</subfield><subfield code="2">fast</subfield><subfield code="0">(OCoLC)fst01423814</subfield></datafield><datafield ind1=" " ind2="7" tag="651"><subfield code="a">Oregon</subfield><subfield code="z">Baker City.</subfield><subfield code="2">fast</subfield><subfield code="0">(OCoLC)fst01226322</subfield></datafield><datafield ind1=" " ind2="7" tag="651"><subfield code="a">Oregon</subfield><subfield code="z">Baker County.</subfield><subfield code="2">fast</subfield><subfield code="0">(OCoLC)fst01223764</subfield></datafield><datafield ind1=" " ind2=" " tag="752"><subfield code="a">United States</subfield><subfield code="b">Oregon</subfield><subfield code="c">Baker</subfield><subfield code="d">Baker City.</subfield></datafield><datafield ind1="0" ind2="0" tag="780"><subfield code="t">Baker herald</subfield><subfield code="w">(DLC)sn 96088187</subfield></datafield><datafield ind1="1" ind2="7" tag="785"><subfield code="t">Morning democrat (Baker City, Or.)</subfield><subfield code="w">(DLC)   85042398</subfield></datafield><datafield ind1="1" ind2="7" tag="785"><subfield code="t">Baker democrat-herald</subfield><subfield code="w">(DLC)sn 96088189</subfield></datafield></record>